@article{steen2007distributed,
  title   = {Distributed systems: principles and paradigms},
  author  = {Steen, Maarten van and Tanenbaum, Andrew S},
  journal = {Pearson},
  year    = {2007}
}

@article{kotseruba2016review,
  title     = {A review of 40 years of cognitive architecture research: Focus on perception, attention, learning and applications},
  author    = {Kotseruba, Iuliia and Gonzalez, Oscar J Avella and Tsotsos, John K},
  journal   = {arXiv preprint arXiv:1610.08602},
  pages     = {1--74},
  year      = {2016},
  publisher = {eprint}
}

@book{larman2012applying,
  title     = {Applying UML and patterns: an introduction to object oriented analysis and design and interative development},
  author    = {Larman, Craig},
  year      = {2012},
  publisher = {Pearson Education India}
}

@book{fowler2004uml,
  title     = {UML distilled: a brief guide to the standard object modeling language},
  author    = {Fowler, Martin},
  year      = {2004},
  publisher = {Addison-Wesley Professional}
}

@misc{booch1994oo,
  title     = {OO Analysis and design with applications},
  author    = {Booch, Grady},
  year      = {1994},
  publisher = {Addison-Wesley Reading}
}

@Article{a1,
  author    = {Abhishek Khanna and Sanmeet Kaur},
  journal   = {Wireless Personal Communications},
  title     = {Internet of Things ({IoT}), Applications and Challenges: A Comprehensive Review},
  year      = {2020},
  month     = {may},
  number    = {2},
  pages     = {1687--1762},
  volume    = {114},
  doi       = {10.1007/s11277-020-07446-4},
  publisher = {Springer Science and Business Media {LLC}},
  url       = {https://doi.org/10.1007/s11277-020-07446-4},
}

@Article{a2,
  author    = {Liu, Yi and Yang, Chao and Jiang, Li and Xie, Shengli and Zhang, Yan},
  journal   = {{IEEE} Network},
  title     = {Intelligent Edge Computing for {IoT}-Based Energy Management in Smart Cities},
  year      = {2019},
  month     = {mar},
  number    = {2},
  pages     = {111--117},
  volume    = {33},
  doi       = {10.1109/MNET.2019.1800254},
  publisher = {Institute of Electrical and Electronics Engineers ({IEEE})},
}

@Misc{a3,
  title     = {{IEEE} Standard Glossary of Software Engineering Terminology},
  year      = {1990},
  doi       = {10.1109/IEEESTD.1990.101064},
  journal   = {IEEE Std 610.12-1990},
  pages     = {1-84},
  publisher = {{IEEE}},
}

@Article{a4,
  author    = {Alsaqqa, Samar and Sawalha, Samer and Abdel-Nabi, Heba},
  journal   = {International Journal of Interactive Mobile Technologies ({iJIM})},
  title     = {Agile Software Development: Methodologies and Trends},
  year      = {2020},
  month     = {jul},
  number    = {11},
  pages     = {pp. 246â€“270},
  volume    = {14},
  doi       = {10.3991/ijim.v14i11.13269},
  publisher = {International Association of Online Engineering ({IAOE})},
  url       = {https://online-journals.org/index.php/i-jim/article/view/13269},
}


@article{a5,
title={A Reinforcement Learning Approach for Smart Farming.},
author={ENE, Gabriela},
journal={Database Systems Journal},
volume={10},
number={1},
year={2019}
}

@Article{a6,
  author    = {Boehm, B. W.},
  journal   = {Computer},
  title     = {A spiral model of software development and enhancement},
  year      = {1988},
  month     = {may},
  number    = {5},
  pages     = {61--72},
  volume    = {21},
  doi       = {10.1109/2.59},
  publisher = {Institute of Electrical and Electronics Engineers ({IEEE})},
}

@InProceedings{Buglione_2013,
  author    = {Buglione, Luigi and Abran, Alain},
  booktitle = {2013 Joint Conference of the 23rd International Workshop on Software Measurement and the 8th International Conference on Software Process and Product Measurement},
  title     = {Improving the User Story Agile Technique Using the {INVEST} Criteria},
  year      = {2013},
  month     = {oct},
  pages     = {49-53},
  publisher = {{IEEE}},
  doi       = {10.1109/IWSM-Mensura.2013.18},
}

@Comment{jabref-meta: databaseType:bibtex;}
