@article{C0,
  title={Some studies on Machine Learning Using the Game of Checkers},
  author={Samuel, A.L.},
  journal={IBM Journal on Research and Development},
  volume={3},
  year={1959},
  pages={210-229}
}

@article{C01,
  title={Machine learning},
  author={Mitchell, T.M.},
  journal={McGraw-hill},
  volume={1},
  number={9},
  year={1997}
}

@article{C1,
  title={Deep Neural Network-Based Prediction and Early Warning of Student Grades and Recommendations for Similar Learning Approaches},
  author={Tao, Tao and Sun, Chen and Wu, Zhaoyang and Yang, Jian and Wang, Jing},
  journal={Applied Sciences},
  volume={12},
  number={15},
  year={2022},
  pages={7733},
  doi={10.3390/app12157733}
}

@article{C2,
  title={Machine Learning Algorithms - A Review},
  author={Mahesh, Batta},
  journal={International Journal of Science and Research (IJSR)},
  issn={2319-7064},
  year={2018}
}

@inproceedings{C3,
  title={A review of supervised machine learning algorithms},
  author={Singh, A. and Thakur, N. and Sharma, A.},
  booktitle={2016 3rd International Conference on Computing for Sustainable Global Development (INDIACom)},
  year={2016},
  pages={1310-1315},
  organization={IEEE}
}

@article{C4,
  title={Unsupervised machine learning for networking: Techniques, applications and research challenges},
  author={Usama, M. and Qadir, J. and Raza, A. and Arif, H. and Yau, K.L.A. and Elkhatib, Y. and Hussain, A. and Al-Fuqaha, A.},
  journal={IEEE access},
  volume={7},
  year={2019},
  pages={65579-65615}
}

@article{C7,
  title={Supervised machine learning: A review of classification techniques},
  author={Kotsiantis, S.B. and Zaharakis, I. and Pintelas, P.},
  journal={Emerging artificial intelligence applications in computer engineering},
  volume={160},
  number={1},
  year={2007},
  pages={3-24}
}

@thesis{b1,
  title={Multi-Label Classification of Social Networks’ Users Based on Services},
  author={AMROUCHE, M.I. and CHOUTRI, A.D. and BOUJEBBOUR, K.},
  year={2020},
  type={Doctoral dissertation}
}

@inproceedings{C9,
  title={A study on classification techniques in data mining},
  author={Kesavaraj, G. and Sukumaran, S.},
  booktitle={2013 fourth international conference on computing, communications and networking technologies (ICCCNT)},
  year={2013},
  pages={1-7},
  organization={IEEE}
}

@incollection{C10,
  title={A tutorial on multi-label classification techniques},
  author={de Carvalho, A.C. and Freitas, A.A.},
  booktitle={Foundations of computational intelligence volume 5},
  year={2009},
  pages={177-195}
}

@inproceedings{C13,
  title={One-class versus binary classification: Which and when?},
  author={Bellinger, C. and Sharma, S. and Japkowicz, N.},
  booktitle={2012 11th international conference on machine learning and applications},
  year={2012},
  pages={102-106},
  organization={IEEE}
}

@article{C14,
  title={Survey on multiclass classification methods},
  author={Aly, M.},
  journal={Neural Networks},
  volume={19},
  number={1},
  year={2005},
  pages={9}
}

@inproceedings{C15,
  title={High-performance packet classification on GPU},
  author={Zhou, S. and Singapura, S.G. and Prasanna, V.K.},
  booktitle={2014 IEEE High Performance Extreme Computing Conference (HPEC)},
  year={2014},
  pages={1-6},
  organization={IEEE}
}

@inproceedings{C16,
  title={Efficient pattern-based time series classification on GPU},
  author={Chang, K.W. and Deka, B. and Hwu, W.M.W. and Roth, D.},
  booktitle={2012 IEEE 12th International Conference on Data Mining},
  year={2012},
  pages={131-140},
  organization={IEEE}
}

@article{C17,
  title={A GPU-based residual network for medical image classification in smart medicine},
  author={Zhang, Q. and Bai, C. and Liu, Z. and Yang, L.T. and Yu, H. and Zhao, J. and Yuan, H.},
  journal={Information Sciences},
  volume={536},
  year={2020},
  pages={91-100}
}

@inproceedings{C18,
  title={Using C-support vector classification to forecast dengue fever epidemics in Taiwan},
  author={Rahmawati, D. and Huang, Y.-P.},
  booktitle={2016 International Conference on System Science and Engineering (ICSSE)},
  year={2016},
  pages={1-4},
  doi={10.1109/ICSSE.2016.7551552}
}

@inproceedings{C19,
  title={C-support vector classification: Selection of kernel and parameters in medical diagnosis},
  author={Novakovic, J. and Veljovic, A.},
  booktitle={2011 IEEE 9th international symposium on intelligent systems and informatics},
  year={2011},
  pages={465-470},
  organization={IEEE}
}

@article{C24,
  title={A review on random forest: An ensemble classifier},
  author={Parmar, A. and Katariya, R. and Patel, V.},
  journal={International Journal of Computer Sciences and Engineering},
  volume={6},
  number={10},
  year={2019},
  pages={74-78}
}

@article{C25,
  title={Comparison of morphometric parameters in prediction of hydrocephalus using random forests},
  author={Yigin, B.O. and Algin, O. and Saygili, G.},
  journal={Computers in Biology and Medicine},
  volume={116},
  year={2020},
  pages={103547}
}

@article{C26,
  title={Random forests},
  author={Breiman, L.},
  journal={Machine Learning},
  volume={45},
  number={1},
  year={2001},
  pages={5-32}
}

@article{C27,
  title={Probabilistic random forest: A machine learning algorithm for noisy data sets},
  author={Reis, I. and Baron, D. and Shahaf, S.},
  journal={The Astronomical Journal},
  volume={157},
  number={1},
  year={2018},
  pages={16}
}

@inproceedings{C28,
  title={Overview of use of decision tree algorithms in machine learning},
  author={Navada, A. and Ansari, A.N. and Patil, S. and Sonkamble, B.A.},
  booktitle={2011 IEEE control and system graduate research colloquium},
  year={2011},
  pages={37-42},
  organization={IEEE}
}

@article{C34,
  title={Study and analysis of decision tree based classification algorithms},
  author={Patel, H.H. and Prajapati, P.},
  journal={International Journal of Computer Sciences and Engineering},
  volume={6},
  number={10},
  year={2018},
  pages={74-78}
}

@article{C35,
  title={Random forest modeling for network intrusion detection system},
  author={Farnaaz, N. and Jabbar, M.A.},
  journal={Procedia Computer Science},
  volume={89},
  year={2016},
  pages={213-217}
}

@article{C36,
  title={A random forest classifier for lymph diseases},
  author={Azar, A.T. and Elshazly, H.I. and Hassanien, A.E. and Elkorany, A.M.},
  journal={Computer methods and programs in biomedicine},
  volume={113},
  number={2},
  year={2014},
  pages={465-473}
}

@article{C37,
  title={Review the performance of the Bernoulli Naïve Bayes Classifier in Intrusion Detection Systems using Recursive Feature Elimination with Cross-validated selection of the best number of features},
  author={Artur, M.},
  journal={Procedia Computer Science},
  volume={190},
  year={2021},
  pages={564-570}
}
