@article{Cite1,
	title={The effects of leadership style on employee well-being in hospitality},
	author={Kara, Derya and Uysal, Muzaffer and Sirgy, M Joseph and Lee, Gyumin},
	journal={International Journal of Hospitality Management},
	volume={34},
	pages={9--18},
	year={2013},
	publisher={Elsevier}
}