@article{dillon2001evaluation,
  title={The evaluation of software usability},
  author={Dillon, Andrew},
  journal={Encycl Hum Factors Ergon},
  year={2001},
  publisher={Citeseer}
}
@article{sagar2017systematic,
  title={A systematic review of software usability studies},
  author={Sagar, Kalpna and Saha, Anju},
  journal={International Journal of Information Technology},
  pages={1--24},
  year={2017},
  publisher={Springer}
}

@article{berkman2016re,
  title={Re-Assessing the Usability Metric for User Experience (UMUX) Scale.},
  author={Berkman, Mehmet Ilker and Karahoca, Dilek},
  journal={Journal of Usability Studies},
  volume={11},
  number={3},
  year={2016}
}

@article{sauro2012standardized,
  title={Standardized usability questionnaires},
  author={Sauro, Jeff and Lewis, James R},
  journal={Quantifying the user experience},
  volume={8},
  year={2012},
  publisher={Morgan Kaufmann New York}
}

@book{rubin2008handbook,
  title={Handbook of usability testing: how to plan, design and conduct effective tests},
  author={Rubin, Jeffrey and Chisnell, Dana},
  year={2008},
  publisher={John Wiley \& Sons}
}

@book{albert2013measuring,
  title={Measuring the user experience: collecting, analyzing, and presenting usability metrics},
  author={Albert, Bill and Tullis, Tom},
  year={2013},
  publisher={Newnes}
}

@book{sauro2016quantifying,
  title={Quantifying the user experience: Practical statistics for user research},
  author={Sauro, Jeff and Lewis, James R},
  year={2016},
  publisher={Morgan Kaufmann}
}

@book{hartson2012ux,
  title={The UX Book: Process and guidelines for ensuring a quality user experience},
  author={Hartson, Rex and Pyla, Pardha S},
  year={2012},
  publisher={Elsevier}
}

@article{nielsen1994heuristic,
  title={Heuristic evaluation},
  author={Nielsen, Jakob},
  journal={Usability Inspection Mehods},
  year={1994},
  publisher={John Wiley\&Sons}
}

@article{molich1990improving,
  title={Improving a human-computer dialogue},
  author={Molich, Rolf and Nielsen, Jakob},
  journal={Communications of the ACM},
  volume={33},
  number={3},
  pages={338--348},
  year={1990},
  publisher={ACM New York, NY, USA}
}

@article{sauro2011practical,
  title={A practical guide to the system usability scale: Background},
  author={Sauro, Jeff},
  journal={Benchmarks \& best practices},
  year={2011},
  publisher={CreateSpace Independent Publishing Platform}
}

@misc{nielsen2005ten,
  title={Ten usability heuristics},
  author={Nielsen, Jakob},
  year={2005},
  publisher={http://www. nngroup. com/articles/ten-usability-heuristics/(acc-essed~â€¦}
}

@inproceedings{nielsen1990heuristic,
  title={Heuristic evaluation of user interfaces},
  author={Nielsen, Jakob and Molich, Rolf},
  booktitle={Proceedings of the SIGCHI conference on Human factors in computing systems},
  pages={249--256},
  year={1990}
}


@article{virzi1992refining,
  title={Refining the test phase of usability evaluation: How many subjects is enough?},
  author={Virzi, Robert A},
  journal={Human factors},
  volume={34},
  number={4},
  pages={457--468},
  year={1992},
  publisher={SAGE Publications Sage CA: Los Angeles, CA}
}

@book{dumas1999practical,
  title={A practical guide to usability testing},
  author={Dumas, Joseph S and Dumas, Joseph S and Redish, Janice},
  year={1999},
  publisher={Intellect books}
}

@book{barnum2020usability,
  title={Usability testing essentials: Ready, set... test!},
  author={Barnum, Carol M},
  year={2020},
  publisher={Morgan Kaufmann}
}

%%%% UEQ %%%

@article{brooke1996sus,
  title={SUS-A quick and dirty usability scale},
  author={Brooke, John and others},
  journal={Usability evaluation in industry},
  volume={189},
  number={194},
  pages={4--7},
  year={1996},
  publisher={London, England}
}

@article{hassenzahl2006user,
  title={User experience-a research agenda},
  author={Hassenzahl, Marc and Tractinsky, Noam},
  journal={Behaviour \& information technology},
  volume={25},
  number={2},
  pages={91--97},
  year={2006},
  publisher={Taylor \& Francis}
}

@inproceedings{laugwitz2008construction,
  title={Construction and evaluation of a user experience questionnaire},
  author={Laugwitz, Bettina and Held, Theo and Schrepp, Martin},
  booktitle={HCI and Usability for Education and Work: 4th Symposium of the Workgroup Human-Computer Interaction and Usability Engineering of the Austrian Computer Society, USAB 2008, Graz, Austria, November 20-21, 2008. Proceedings 4},
  pages={63--76},
  year={2008},
  organization={Springer}
}

@article{hassenzahl2003attrakdiff,
  title={AttrakDiff: A questionnaire to measure perceived hedonic and pragmatic quality{\"a}t},
  author={Hassenzahl, Marc and Burmester, Michael and Koller, Franz},
  journal={Human \& Computer 2003: Interaction in Motion},
  pages={187--196},
  year={2003},
  publisher={knight}
}

